<?xml version="1.0" encoding="UTF-8"?><collection xmlns="http://www.loc.gov/MARC21/slim"><record><leader>03018nam a2200577 a 4500</leader><controlfield tag="001">ocn3883384</controlfield><controlfield tag="003">CaPaEBR</controlfield><controlfield tag="006">m        d        </controlfield><controlfield tag="007">cr cn|||||||||</controlfield><controlfield tag="008">981026s1999    enka    sb    001 0 eng  </controlfield><datafield tag="010" ind1=" " ind2=" "><subfield code="z">   98048367</subfield></datafield><datafield tag="020" ind1=" " ind2=" "><subfield code="a">0521554128 (hardback)</subfield></datafield><datafield tag="035" ind1=" " ind2=" "><subfield code="a">ocm49981042</subfield></datafield><datafield tag="039" ind1=" " ind2=" "><subfield code="a">exclude</subfield></datafield><datafield tag="039" ind1=" " ind2=" "><subfield code="a">exclude</subfield></datafield><datafield tag="040" ind1=" " ind2=" "><subfield code="a">CaPaEBR</subfield><subfield code="c">CaPaEBR</subfield><subfield code="d">AEU</subfield></datafield><datafield tag="050" ind1="1" ind2="4"><subfield code="a">PE1571</subfield><subfield code="b">.G54 1999eb</subfield></datafield><datafield tag="082" ind1="0" ind2="4"><subfield code="a">423/.028</subfield><subfield code="2">21</subfield></datafield><datafield tag="090" ind1=" " ind2=" "><subfield code="a">Internet Access</subfield><subfield code="b">AEGMCT</subfield></datafield><datafield tag="090" ind1=" " ind2=" "><subfield code="a">Internet Access</subfield><subfield code="b">AFMK</subfield></datafield><datafield tag="090" ind1=" " ind2=" "><subfield code="a">Internet Access</subfield><subfield code="b">AGPC</subfield></datafield><datafield tag="090" ind1=" " ind2=" "><subfield code="a">Internet Access</subfield><subfield code="b">AEU</subfield></datafield><datafield tag="090" ind1=" " ind2=" "><subfield code="a">Internet Access</subfield><subfield code="b">ARDC</subfield></datafield><datafield tag="090" ind1=" " ind2=" "><subfield code="a">Internet Access</subfield><subfield code="b">AEC</subfield></datafield><datafield tag="100" ind1="1" ind2=" "><subfield code="a">Giegerich, Heinz J.</subfield></datafield><datafield tag="245" ind1="1" ind2="0"><subfield code="a">Lexical strata in English</subfield><subfield code="h">[electronic resource] :</subfield><subfield code="b">morphological causes, phonological effects /</subfield><subfield code="c">Heinz J. Giegerich.</subfield></datafield><datafield tag="260" ind1=" " ind2=" "><subfield code="a">Cambridge ;</subfield><subfield code="a">New York :</subfield><subfield code="b">Cambridge University Press,</subfield><subfield code="c">1999.</subfield></datafield><datafield tag="300" ind1=" " ind2=" "><subfield code="a">ix, 329 p. :</subfield><subfield code="b">ill. ;</subfield><subfield code="c">24 cm.</subfield></datafield><datafield tag="490" ind1="1" ind2=" "><subfield code="a">Cambridge studies in linguistics ;</subfield><subfield code="v">89</subfield></datafield><datafield tag="504" ind1=" " ind2=" "><subfield code="a">Includes bibliographical references (p. 291-304) and indexes.</subfield></datafield><datafield tag="533" ind1=" " ind2=" "><subfield code="a">Electronic reproduction.</subfield><subfield code="b">Palo Alto, Calif. :</subfield><subfield code="c">ebrary,</subfield><subfield code="d">2009.</subfield><subfield code="n">Available via World Wide Web.</subfield><subfield code="n">Access may be limited to ebrary affiliated libraries.</subfield></datafield><datafield tag="596" ind1=" " ind2=" "><subfield code="a">8 21 28 35 44 54 57</subfield></datafield><datafield tag="650" ind1=" " ind2="0"><subfield code="a">Lexicology.</subfield></datafield><datafield tag="650" ind1=" " ind2="0"><subfield code="a">English language</subfield><subfield code="x">Morphology.</subfield></datafield><datafield tag="650" ind1=" " ind2="0"><subfield code="a">English language</subfield><subfield code="x">Phonology.</subfield></datafield><datafield tag="830" ind1=" " ind2="0"><subfield code="a">Cambridge studies in linguistics ;</subfield><subfield code="v">89.</subfield></datafield><datafield tag="856" ind1="4" ind2="0"><subfield code="3">Grant MacEwan University Access</subfield><subfield code="u">http://site.ebrary.com/lib/macewan/Doc?id=2000743</subfield></datafield><datafield tag="856" ind1="4" ind2="0"><subfield code="3">Keyano College Access</subfield><subfield code="u">http://site.ebrary.com/lib/keyano/Doc?id=2000743</subfield></datafield><datafield tag="856" ind1="4" ind2="0"><subfield code="3">Grande Prairie Regional College Access</subfield><subfield code="u">http://ezproxy.agpc.talonline.ca:80/login?url=http://site.ebrary.com/lib/gprc/Doc?id=2000743</subfield></datafield><datafield tag="856" ind1="4" ind2="0"><subfield code="3">University of Alberta Access</subfield><subfield code="u">http://site.ebrary.com/lib/ualberta/Doc?id=2000743</subfield></datafield><datafield tag="856" ind1="4" ind2="0"><subfield code="3">Red Deer College Access</subfield><subfield code="u">http://site.ebrary.com/lib/rdcollege/Doc?id=2000743</subfield></datafield><datafield tag="856" ind1="4" ind2="0"><subfield code="3">Concordia University College Access</subfield><subfield code="u">http://site.ebrary.com/lib/concordiaab/Doc?id=2000743</subfield></datafield><datafield tag="949" ind1=" " ind2=" "><subfield code="h">UAIN</subfield><subfield code="m">GR_MAC_INT</subfield><subfield code="z">EBRARYACGM</subfield></datafield><datafield tag="949" ind1=" " ind2=" "><subfield code="h">UAIN</subfield><subfield code="m">KEYANO</subfield><subfield code="z">EBRARYCCK</subfield></datafield><datafield tag="999" ind1=" " ind2=" "><subfield code="a">Internet Access</subfield><subfield code="w">LC</subfield><subfield code="c">1</subfield><subfield code="i">3883384-1001</subfield><subfield code="l">INTERNET</subfield><subfield code="m">UAINTERNET</subfield><subfield code="r">N</subfield><subfield code="s">Y</subfield><subfield code="t">E-RESOURCE</subfield><subfield code="u">4/26/2007</subfield><subfield code="x">E-BOOK</subfield><subfield code="z">EBRARYAC</subfield></datafield><datafield tag="999" ind1=" " ind2=" "><subfield code="a">Internet Access</subfield><subfield code="w">LC</subfield><subfield code="c">1</subfield><subfield code="i">3883384-2001</subfield><subfield code="l">INTERNET</subfield><subfield code="m">RED_DEER_C</subfield><subfield code="r">N</subfield><subfield code="s">Y</subfield><subfield code="t">E-RESOURCE</subfield><subfield code="u">4/26/2007</subfield><subfield code="x">E-BOOK</subfield><subfield code="z">EBRARYACRD</subfield></datafield><datafield tag="999" ind1=" " ind2=" "><subfield code="a">Internet Access</subfield><subfield code="w">LC</subfield><subfield code="c">1</subfield><subfield code="i">3883384-3001</subfield><subfield code="l">INTERNET</subfield><subfield code="m">CONCORDIA</subfield><subfield code="r">N</subfield><subfield code="s">Y</subfield><subfield code="t">E-RESOURCE</subfield><subfield code="u">4/26/2007</subfield><subfield code="x">E-BOOK</subfield><subfield code="z">EBRARYACCN</subfield></datafield><datafield tag="999" ind1=" " ind2=" "><subfield code="a">Internet Access</subfield><subfield code="w">LC</subfield><subfield code="c">1</subfield><subfield code="i">3883384-4001</subfield><subfield code="l">INTERNET</subfield><subfield code="m">GPRC</subfield><subfield code="r">N</subfield><subfield code="s">Y</subfield><subfield code="t">E-RESOURCE</subfield><subfield code="u">8/21/2007</subfield><subfield code="x">E-BOOK</subfield><subfield code="z">EBRARYACGP</subfield></datafield><datafield tag="999" ind1=" " ind2=" "><subfield code="a">Internet Access</subfield><subfield code="w">LC</subfield><subfield code="c">1</subfield><subfield code="i">3883384-5001</subfield><subfield code="l">INTERNET</subfield><subfield code="m">GPRC_FRVW</subfield><subfield code="r">N</subfield><subfield code="s">Y</subfield><subfield code="t">E-RESOURCE</subfield><subfield code="u">9/23/2009</subfield><subfield code="x">E-BOOK</subfield><subfield code="z">EBRARYACGP</subfield></datafield><datafield tag="999" ind1=" " ind2=" "><subfield code="a">Internet Access</subfield><subfield code="w">LC</subfield><subfield code="c">1</subfield><subfield code="i">3883384-6001</subfield><subfield code="l">INTERNET</subfield><subfield code="m">GR_MAC_INT</subfield><subfield code="r">N</subfield><subfield code="s">Y</subfield><subfield code="t">E-RESOURCE</subfield><subfield code="u">2/3/2011</subfield><subfield code="x">E-BOOK</subfield><subfield code="z">EBRARYACGM</subfield></datafield><datafield tag="999" ind1=" " ind2=" "><subfield code="a">Internet Access</subfield><subfield code="w">LC</subfield><subfield code="c">1</subfield><subfield code="i">3883384-7001</subfield><subfield code="l">INTERNET</subfield><subfield code="m">KEYANO</subfield><subfield code="r">N</subfield><subfield code="s">Y</subfield><subfield code="t">E-RESOURCE</subfield><subfield code="u">2/3/2011</subfield><subfield code="x">E-BOOK</subfield><subfield code="z">EBRARYCCK</subfield></datafield></record></collection>
       
